<record><leader>00000cas a2200000 a 4500</leader><controlfield tag="001">1589279</controlfield><controlfield tag="008">750901d18301849mauwr ne      0   a0eng c</controlfield><datafield ind1=" " ind2=" " tag="010"><subfield code="a">sn 86077095 </subfield></datafield><datafield ind1=" " ind2=" " tag="040"><subfield code="a">MUL</subfield><subfield code="b">eng</subfield><subfield code="c">MUL</subfield><subfield code="d">BTI</subfield><subfield code="d">NPA</subfield><subfield code="d">DLC</subfield><subfield code="d">KNP</subfield><subfield code="d">RHN</subfield><subfield code="d">MGN</subfield><subfield code="d">CNK</subfield><subfield code="d">NVK</subfield><subfield code="d">OCL</subfield><subfield code="d">CVF</subfield><subfield code="d">NVF</subfield><subfield code="d">GUA</subfield><subfield code="d">KRTAS</subfield><subfield code="d">DLC</subfield><subfield code="d">OCLCQ</subfield><subfield code="d">OCLCF</subfield><subfield code="d">OCLCO</subfield></datafield><datafield ind1=" " ind2=" " tag="012"><subfield code="l">1</subfield></datafield><datafield ind1="0" ind2=" " tag="022"><subfield code="a">2157-1112</subfield><subfield code="2">1</subfield></datafield><datafield ind1=" " ind2=" " tag="042"><subfield code="a">pcc</subfield><subfield code="a">nsdp</subfield></datafield><datafield ind1=" " ind2=" " tag="043"><subfield code="a">n-us-ma</subfield></datafield><datafield ind1="0" ind2="0" tag="050"><subfield code="a">BX7101</subfield><subfield code="b">.C79</subfield></datafield><datafield ind1=" " ind2="4" tag="050"><subfield code="a">BX7101</subfield></datafield><datafield ind1="1" ind2="0" tag="082"><subfield code="a">070</subfield><subfield code="2">14</subfield></datafield><datafield ind1="0" ind2=" " tag="130"><subfield code="a">Boston recorder (Boston, Mass. : 1830)</subfield></datafield><datafield ind1=" " ind2="0" tag="222"><subfield code="a">Boston recorder</subfield><subfield code="b">(1830)</subfield></datafield><datafield ind1="1" ind2="0" tag="245"><subfield code="a">Boston recorder.</subfield></datafield><datafield ind1=" " ind2=" " tag="260"><subfield code="a">Boston [Mass.] :</subfield><subfield code="b">Willis and Rand,</subfield><subfield code="c">1830-1849.</subfield></datafield><datafield ind1=" " ind2=" " tag="300"><subfield code="a">v.</subfield></datafield><datafield ind1=" " ind2=" " tag="310"><subfield code="a">Weekly</subfield></datafield><datafield ind1="0" ind2=" " tag="362"><subfield code="a">Vol. 15, no. 27 (July 7, 1830)-v. 34, no. 19 (May 11, 1849).</subfield></datafield><datafield ind1=" " ind2=" " tag="500"><subfield code="a">Publisher varies: Nathaniel Willis, &lt;Oct. 5-19, 1831&gt; ; M. Moore, &lt;Mar. 12, 1846&gt;-&lt;&gt;.</subfield></datafield><datafield ind1=" " ind2=" " tag="515"><subfield code="a">Vols. 17-30 called also whole no. 835-1567; v. 33-34, no. 19 called also whole no. 1672-1743.</subfield></datafield><datafield ind1=" " ind2=" " tag="530"><subfield code="a">Also issued on microfilm and online.</subfield></datafield><datafield ind1=" " ind2="0" tag="651"><subfield code="a">Boston (Mass.)</subfield><subfield code="v">Newspapers.</subfield></datafield><datafield ind1=" " ind2="7" tag="655"><subfield code="a">Newspapers.</subfield><subfield code="2">fast</subfield><subfield code="0">(OCoLC)fst01423814</subfield></datafield><datafield ind1=" " ind2="7" tag="651"><subfield code="a">Massachusetts</subfield><subfield code="z">Boston.</subfield><subfield code="2">fast</subfield><subfield code="0">(OCoLC)fst01205012</subfield></datafield><datafield ind1=" " ind2=" " tag="752"><subfield code="a">United States</subfield><subfield code="b">Massachusetts</subfield><subfield code="c">Suffolk</subfield><subfield code="d">Boston.</subfield></datafield><datafield ind1="1" ind2=" " tag="776"><subfield code="t">Boston recorder (Boston, Mass. : 1830 : Online)</subfield><subfield code="w">(DLC)  2008233791</subfield><subfield code="w">(OCoLC)70680410</subfield></datafield><datafield ind1="1" ind2=" " tag="776"><subfield code="t">Boston recorder (1830)</subfield><subfield code="w">(DLC)sf 88092808</subfield><subfield code="w">(OCoLC)7871279</subfield></datafield><datafield ind1="0" ind2="0" tag="780"><subfield code="t">Boston recorder and religious telegraph</subfield><subfield code="x">2157-1104</subfield><subfield code="w">(DLC)sn 86077091</subfield><subfield code="w">(OCoLC)1774844</subfield></datafield><datafield ind1="0" ind2="7" tag="785"><subfield code="t">New England puritan</subfield><subfield code="w">(DLC)sn 92064169</subfield><subfield code="w">(OCoLC)7792912</subfield></datafield><datafield ind1="0" ind2="7" tag="785"><subfield code="t">Puritan recorder</subfield><subfield code="w">(DLC)sn 88074829</subfield><subfield code="w">(OCoLC)1780324</subfield></datafield><datafield ind1=" " ind2=" " tag="850"><subfield code="a">DLC</subfield></datafield><datafield ind1="4" ind2="1" tag="856"><subfield code="u">http://gateway.proquest.com/openurl?url_ver=Z39.88-2004&amp;res_dat=xri:pqd::hnp&amp;rft_val_fmt=info:ofi/fmt:kev:mtx:journal&amp;rft_dat=xri:pqd:PMID=41162</subfield></datafield><datafield ind1=" " ind2=" " tag="938"><subfield code="a">Kirtas Technologies, Inc.</subfield><subfield code="b">KRTS</subfield><subfield code="n">733224</subfield></datafield></record>